@Book{abramowitz+stegun,
 author    = "Milton {Abramowitz} and Irene A. {Stegun}",
 title     = "Handbook of Mathematical Functions with
              Formulas, Graphs, and Mathematical Tables",
 publisher = "Dover",
 year      =  1964,
 address   = "New York",
 edition   = "ninth Dover printing, tenth GPO printing"
}
@misc{fbrobbery,
  author = {John Sileo},
  title = {{Facebook Status Update Leads to Robbery}},
  howpublished = "\url{http://www.sileo.com/facebook-status-update-leads-to-robbery/}",
  year = {2013}
}
@misc{gartner,
  author = {Rob van der Meulen},
  title = {{Gartner Says 6.4 Billion Connected "Things" Will Be in Use in 2016, Up 30 Percent From 2015}},
  howpublished = "\url{http://www.gartner.com/newsroom/id/3165317}",
  year = {2015}
}
@misc{microiot,
  author = {Ben Linders},
  title = {{Using Microservices in the Internet of Things}},
  howpublished = "\url{https://www.infoq.com/news/2015/12/microservices-iot}",
  year = {2015}
}
@misc{microarch,
  author = {Martin Fowler},
  title = {{Microservices: a definition of this new architectural term}},
  howpublished = "\url{http://martinfowler.com/articles/microservices.html}",
  year = {2014}
}
@misc{msdn,
  author = {Don Box},
  title = {{Service Orientation and Its Role in Your Connected Systems Strategy}},
  howpublished = "\url{https://msdn.microsoft.com/en-us/library/ms954826.aspx}",
  year = {2004}
}
@misc{microsoa,
  author = {Bob Rhubart},
  title = {{Microservices and SOA}},
  howpublished = "\url{http://www.oracle.com/technetwork/issue-archive/2015/15-mar/o25architect-2458702.html}",
  year = {2015}
}
@misc{calvin1,
  author = {Joakim Persson},
  title = {{Open Source release of IoT app environment Calvin}},
  howpublished = "\url{http://www.ericsson.com/research-blog/cloud/open-source-calvin/}",
  year = {2015}
}
@misc{microarch1,
  author = {Alan Morrison},
  title = {{What is Microservices Architecture? Think Ant Colonies,Beehives, or Termite Mounds}},
  howpublished = "\url{http://usblogs.pwc.com/emerging-technology/what-is-microservices-architecture-think-ant-colonies-beehives-or-termite-mounds/}",
  year = {2014}
}
@misc{microactor,
  author = {Rotem Hermon},
  title = {{What is the relationship between the Actor Model and microservice architecture?}},
  howpublished = "\url{https://www.quora.com/What-is-the-relationship-between-the-Actor-Model-and-microservice-architecture/}",
  year = {2015}
}
@misc{calvin2,
  author = {Ola Angelsmark},
  title = {{A closer look at Calvin}},
  howpublished = "\url{https://www.ericsson.com/research-blog/cloud/closer-look-calvin/}",
  year = {2015}
}
@misc{gcdwebserver,
  author = {swisspol},
  title = {{GCDWebServer}},
  howpublished = "\url{https://github.com/swisspol/GCDWebServer}",
  year = {2015}
}
@misc{gcd,
  author = {Apple},
  title = {{Grand Central Dispatch}},
  howpublished = "\url{https://developer.apple.com/library/ios/documentation/Performance/Reference/GCD_libdispatch_Ref/}"
}
@Book{speaker-recognition,
 author    = "John H. L. Hansen and Taufiq Hasan",
 title     = "Speaker Recognition by Machines and Humans: A tutorial review",
 publisher = "IEEE",
 year      =  2015,
 month = 11,
 volume = 32,
 pages = {74-99},
 isbn = "978-1-4614-9119-4"
}
@Book{phonetic,
 author    = "F. Nolan",
 title     = "The phonetic bases of speaker recognition",
 publisher = "Cambridge University Press",
 year      =  1983
}
@misc{nest,
  author = {Google},
  title = {{Nest}},
  howpublished = "\url{https://nest.com}"
}
@misc{homekit,
  author = {Apple},
  title = {{HomeKit}},
  howpublished = "\url{https://developer.apple.com/homekit/}",
}
@misc{smart,
  author = {Samsung},
  title = {{SmartThings}},
  howpublished = "\url{https://www.smartthings.com}",
}
@article{calvin-article,
  author  = {Par Persson,Ola Angelsmark},
  title   = {Calvin â€“ Merging Cloud and IoT},
  journal = {Elsevier B.V.},
  year    = 2015,
  number  = 2,
  pages   = {210-217},
  month   = 6,
  day     = 3,
  volume  = 52
}
